@misc{Hackaday1,
 author = {Lewin Day},
 title = {The basics of persistence of vision projects},
year = 2019,
url ={https://hackaday.com/2019/10/29/the-basics-of-persistence-of-vision-projects/},
note = {Accessed: 26-5-2023},
}

@misc{instructablesVUB,
 author = {ThomassVDD},
 title = {Huge POV Display},
year = 2017,
url ={https://www.instructables.com/Huge-POV-Display/},
note = {Accessed: 26-5-2023},
}

@misc{crawfish01,
 author = {Seemit Praharaj},
 title = {LED POV Display},
url ={https://crawfis.me/data/uploads/projects/led_finalreport.pdf},
note = {Accessed: 26-5-2023},
}


